@TechReport{radupaula,
	title = {Improving clinical practice using a computerized clinical
	decision support system for diagnosing rare diseases: literature
	review, challenges, and possible paths forward},
	author = {Radu Dragusin and Paula Petcu},
	institution = {Department of Computer Science, Copenhagen University},
	year = {2010}
}


@Article{googlingdiagnosis,
    title = {Googling for a Diagnosis - Use of Google as a diagnosis aid: an Internet based study},
    author = {Hangwi Tang and Jennifer Hwee Kwoon Ng},
    journal = {BMJ},
    year = {2006}
}

@misc{googlechangemedicine,
	title = {Editorial: How Google Is Changing Medicine},
	author = {Dean Giustini},
	year = {2005},
	url = {http://www.bmj.com/content/331/7531/1487.full}
}

@misc{diagnosissearchengines,
	title = {Editorial: Diagnosis using Search engines},
	author = {Martin Gardner},
	year = {2006},
	url = {http://www.bmj.com/content/333/7579/1131.full}
}

@TechReport{jensenandersen,
	title = {Support decision system for diagnosing rare diseases using vector space model and medical text mining},
	author = {Henrik G. Jensen and Michael Andersen},
	year = {2010},
	institution = {Department of Computer Science, Copenhagen University}
}

@Article{burstiness,
    title = {Modeling word burstiness using the dirichlet distribution},
    author = {Rasmus E. Madsen and David Kauchak and Charles Elkan},
    journal = {ICML ’05: Proceedings of the 22nd international conference on Machine learning, pages 545–552},
    year = {2005}
}

@Article{tfidf,
	title = {Effective Information Retrieval Using Term Accuracy},
	author = {G. Salton and C. T. Yu},
	journal = {Communications of the ACM, Volume 20 Issue 3},
	year = {1977}
}
@inproceedings{Brill:1992:SRP:974499.974526,
 author = {Brill, Eric},
 title = {A simple rule-based part of speech tagger},
 booktitle = {Proceedings of the third conference on Applied natural language processing},
 series = {ANLC '92},
 year = {1992},
 location = {Trento, Italy},
 pages = {152--155},
 numpages = {4},
 url = {http://dx.doi.org/10.3115/974499.974526},
 doi = {http://dx.doi.org/10.3115/974499.974526},
 acmid = {974526},
 publisher = {Association for Computational Linguistics},
 address = {Stroudsburg, PA, USA},
}

@Book{NLTK,
	title = {Natural Language Processing with Python},
	author = {Steven Bird and Ewans Klein and Edward Loper},
	year = {2009},
	publisher = {O'Reilly Media}
}

@Article{porterstemming,
 author = {Porter, M. F.},
 title = {An algorithm for suffix stripping},
 journal = {Program, Volume 14 no. 3},
 pages = {130-137},
 year = {1980}
} 
